% EXEMPLES DE BIBTEX
@article{DFTpresentation,
    author =       "Pekka Koskinen and Ville MÃ¤kinen",
    title =        "Density fonctional tight-binding for beginners.",
    journal =      "Computational Materials Science",
    volume =       "",
    number =       "",
    pages =        "",
    year =         "2009",
    DOI =          ""
}